@article{rumelhart1986,
  title={Sequential thought processes in PDP models},
  author={Rumelhart, David E and Smolensky, Paul and McClelland, James L and Hinton, G},
  journal={Parallel distributed processing: explorations in the microstructures of cognition},
  volume={2},
  pages={3--57},
  year={1986}
}

@book{goodfellow2016deeplearning,
  title={Deep learning},
  author={Goodfellow, Ian and Bengio, Yoshua and Courville, Aaron},
  year={2016},
  publisher={MIT Press}
}

@article{hochreiter1997lstm,
  title={Long short-term memory},
  author={Hochreiter, Sepp and Schmidhuber, J{\"u}rgen},
  journal={Neural computation},
  volume={9},
  number={8},
  pages={1735--1780},
  year={1997},
  publisher={MIT Press}
}

@article{mudambi2010amazon,
  title={What makes a helpful review? A study of customer reviews on Amazon. com},
  author={Mudambi, Susan M and Schuff, David},
  year={2010},
  journal = {MIS Quarterly}
}

@article{schindler2012peceivedhelpfulness,
  title={Perceived helpfulness of online consumer reviews: The role of message content and style},
  author={Schindler, Robert M and Bickart, Barbara},
  journal={Journal of Consumer Behaviour},
  volume={11},
  number={3},
  pages={234--243},
  year={2012},
  publisher={Wiley Online Library}
}  

@inproceedings{kim2006svm,
  title={Automatically assessing review helpfulness},
  author={Kim, Soo-Min and Pantel, Patrick and Chklovski, Tim and Pennacchiotti, Marco},
  booktitle={Proceedings of the 2006 Conference on empirical methods in natural language processing},
  pages={423--430},
  year={2006},
  organization={Association for Computational Linguistics}
}

@inproceedings{liu2008nonlinear,
  title={Modeling and predicting the helpfulness of online reviews},
  author={Liu, Yang and Huang, Xiangji and An, Aijun and Yu, Xiaohui},
  booktitle={Data mining, 2008. ICDM'08. Eighth IEEE international conference on},
  pages={443--452},
  year={2008},
  organization={IEEE}
}

@article{ghose2011randomforest,
  title={Estimating the helpfulness and economic impact of product reviews: Mining text and reviewer characteristics},
  author={Ghose, Anindya and Ipeirotis, Panagiotis G},
  journal={IEEE Transactions on Knowledge and Data Engineering},
  volume={23},
  number={10},
  pages={1498--1512},
  year={2011},
  publisher={IEEE}
}

@article{lee2014perceptron,
  title={Predicting the helpfulness of online reviews using multilayer perceptron neural networks},
  author={Lee, Sangjae and Choeh, Joon Yeon},
  journal={Expert Systems with Applications},
  volume={41},
  number={6},
  pages={3041--3046},
  year={2014},
  publisher={Elsevier}
}

@article{nguyevaluate2016lstm,
  title={Evaluate Helpfulness in Amazon Reviews Using Deep Learning},
  author={Nguy, Bobby},
  year = {2016},
  journal = {Standford CS224d Class Project}
}

@inproceedings{barbosa2016steam,
  title={Predicting Portuguese Steam Review Helpfulness Using Artificial Neural Networks},
  author={Barbosa, Jardeson LN and Moura, Raimundo Santos and Santos, Roney L de S},
  booktitle={Proceedings of the 22nd Brazilian Symposium on Multimedia and the Web},
  pages={287--293},
  year={2016},
  organization={ACM}
}

@article{kim2014cnntext,
  title={Convolutional neural networks for sentence classification},
  author={Kim, Yoon},
  journal={arXiv preprint arXiv:1408.5882},
  year={2014}
}

@article{srivastava2015highway,
  title={Highway networks},
  author={Srivastava, Rupesh Kumar and Greff, Klaus and Schmidhuber, J{\"u}rgen},
  journal={arXiv preprint arXiv:1505.00387},
  year={2015}
}

@article{mikolov2013word2vec,
  title={Efficient estimation of word representations in vector space},
  author={Mikolov, Tomas and Chen, Kai and Corrado, Greg and Dean, Jeffrey},
  journal={arXiv preprint arXiv:1301.3781},
  year={2013}
}

@misc{word2vectutorial,
    author = {TensorFlow},
    title = {{Vector Representations of Words}},
    howpublished = "\url{https://www.tensorflow.org/tutorials/word2vec}",  
    year = {last accessed 2017}
}

@inproceedings{pennington2014glove,
  author = {Jeffrey Pennington and Richard Socher and Christopher D. Manning},
  booktitle = {Empirical Methods in Natural Language Processing (EMNLP)},
  title = {GloVe: Global Vectors for Word Representation},
  year = {2014},
  pages = {1532--1543},
  url = {http://www.aclweb.org/anthology/D14-1162},
}

@misc{cnnimplement,
    author = {WildML},
    title = {{Implementing a cnn for text classification in TensorFlow}},
    howpublished = "\url{http://www.wildml.com/2015/12/implementing-a-cnn-for-text-classification-in-tensorflow/}",  
    year = {last accessed 2017}
}

@inproceedings{yu2017seqgan,
  title={Seqgan: sequence generative adversarial nets with policy gradient},
  author={Yu, Lantao and Zhang, Weinan and Wang, Jun and Yu, Yong},
  booktitle={Thirty-First AAAI Conference on Artificial Intelligence},
  year={2017}
}